
@article{Dinsdale2021,
author = {Dinsdale, Nicholas J. and Wiecha, Peter R. and Delaney, Matthew and Reynolds, Jamie and Ebert, Martin and Zeimpekis, Ioannis and Thomson, David J. and Reed, Graham T. and Lalanne, Philippe and Vynck, Kevin and Muskens, Otto L.},
title = {Deep Learning Enabled Design of Complex Transmission Matrices for Universal Optical Components},
journal = {ACS Photonics},
volume = {8},
number = {1},
pages = {283-295},
year = {2021},
doi = {10.1021/acsphotonics.0c01481},
URL = {https://doi.org/10.1021/acsphotonics.0c01481},
eprint = {https://doi.org/10.1021/acsphotonics.0c01481}
}

@misc{Solomon2024,
      title={fastMRI Breast: A publicly available radial k-space dataset of breast dynamic contrast-enhanced MRI}, 
      author={Eddy Solomon and Patricia M. Johnson and Zhengguo Tan and Radhika Tibrewala and Yvonne W. Lui and Florian Knoll and Linda Moy and Sungheon Gene Kim and Laura Heacock},
      year={2024},
      eprint={2406.05270},
      archivePrefix={arXiv},
      primaryClass={physics.med-ph},
      url={https://arxiv.org/abs/2406.05270}, 
}

@PHDTHESIS{Barrachina2022,
url = "http://www.theses.fr/2022UPASG094",
title = "Complex-valued neural networks for radar applications",
author = "Barrachina, Jose Agustin",
year = "2022",
note = "Thèse de doctorat dirigée par Ovarlez, Jean-PhilippeRen, Chengfang et Morisseau, Christèle Sciences du traitement du signal et des images université Paris-Saclay 2022",
note = "2022UPASG094",
url = "http://www.theses.fr/2022UPASG094/document",
}


@misc{Trabelsi2018,
      title={Deep Complex Networks}, 
      author={Chiheb Trabelsi and Olexa Bilaniuk and Ying Zhang and Dmitriy Serdyuk and Sandeep Subramanian and João Felipe Santos and Soroush Mehri and Negar Rostamzadeh and Yoshua Bengio and Christopher J Pal},
      year={2018},
      eprint={1705.09792},
      archivePrefix={arXiv},
      primaryClass={cs.NE},
      url={https://arxiv.org/abs/1705.09792}, 
}


@InProceedings{Nazarov2019,
  title = 	 {{B}ayesian Sparsification of Deep C-valued Networks},
  author =       {Nazarov, Ivan and Burnaev, Evgeny},
  booktitle = 	 {Proceedings of the 37th International Conference on Machine Learning},
  pages = 	 {7230--7242},
  year = 	 {2020},
  editor = 	 {III, Hal Daumé and Singh, Aarti},
  volume = 	 {119},
  series = 	 {Proceedings of Machine Learning Research},
  month = 	 {13--18 Jul},
  publisher =    {PMLR},
  pdf = 	 {http://proceedings.mlr.press/v119/nazarov20a/nazarov20a.pdf},
  url = 	 {https://proceedings.mlr.press/v119/nazarov20a.html},
  abstract = 	 {With continual miniaturization ever more applications of deep learning can be found in embedded systems, where it is common to encounter data with natural representation in the complex domain. To this end we extend Sparse Variational Dropout to complex-valued neural networks and verify the proposed Bayesian technique by conducting a large numerical study of the performance-compression trade-off of C-valued networks on two tasks: image recognition on MNIST-like and CIFAR10 datasets and music transcription on MusicNet. We replicate the state-of-the-art result by Trabelsi et al. (2018) on MusicNet with a complex-valued network compressed by 50-100x at a small performance penalty.}
}

@article{Matthes2021,
  title = {Learning and Avoiding Disorder in Multimode Fibers},
  author = {Matth\`es, Maxime W. and Bromberg, Yaron and de Rosny, Julien and Popoff, S\'ebastien M.},
  journal = {Phys. Rev. X},
  volume = {11},
  issue = {2},
  pages = {021060},
  numpages = {12},
  year = {2021},
  month = {Jun},
  publisher = {American Physical Society},
  doi = {10.1103/PhysRevX.11.021060},
  url = {https://link.aps.org/doi/10.1103/PhysRevX.11.021060}
}
@inproceedings{Hemidi2023,
  title={CineJENSE: Simultaneous Cine MRI Image Reconstruction and Sensitivity Map Estimation Using Neural Representations},
  author={Al-Haj Hemidi, Ziad and Vogt, Nora and Quillien, Lucile and Weihsbach, Christian and Heinrich, Mattias P and Oster, Julien},
  booktitle={International Workshop on Statistical Atlases and Computational Models of the Heart},
  pages={467--478},
  year={2023},
  organization={Springer}
}  

@INPROCEEDINGS{Dhedin2024,
  author={Dhédin, Victor and Levi, Jérémie and Fix, Jérémy and Ren, Chengfang and Hinostroza, Israel},
  booktitle={IGARSS 2024 - 2024 IEEE International Geoscience and Remote Sensing Symposium}, 
  title={Complex-Valued Wasserstein GAN for SAR Image Generation}, 
  year={2024},
  volume={},
  number={},
  pages={6991-6996},
  keywords={Image segmentation;Toy manufacturing industry;Superresolution;Pipelines;Radar detection;Radar imaging;Generative adversarial networks;Synthetic Aperture Radar;Complex Valued Neural Networks;Wasserstein Generative Adversarial Networks},
  doi={10.1109/IGARSS53475.2024.10642629}
}

@INPROCEEDINGS{Gabot2024,
  author={Gabot, Quentin and Fix, Jérémy and Frontera-Pons, Joana and Ren, Chengfang and Ovarlez, Jean-Philippe},
  booktitle={International Radar 2024 Conference}, 
  title={Preserving polarimetric properties in PolSAR image reconstruction through Complex-Valued Auto-Encoders}, 
  year={2024},
  volume={},
  number={},
  pages={},
  keywords={},
  doi={}
}


@article{Dalasso2024,
author = {Dalsasso, Emanuele and Rambour, Cl\'{e}ment and Trouv\'{e}, Nicolas and Thome, Nicolas},
title = {MERLIN-Seg: Self-supervised despeckling for label-efficient semantic segmentation},
year = {2024},
issue_date = {Apr 2024},
publisher = {Elsevier Science Inc.},
address = {USA},
volume = {241},
number = {C},
issn = {1077-3142},
url = {https://doi.org/10.1016/j.cviu.2024.103940},
doi = {10.1016/j.cviu.2024.103940},
journal = {Comput. Vis. Image Underst.},
month = jul,
numpages = {8},
keywords = {41A05, 41A10, 65D05, 65D17, Synthetic aperture radar, Self-supervised training, Despeckling, Segmentation}
}

@misc{Muzeau2024,
      title={SAFE: a SAR Feature Extractor based on self-supervised learning and masked Siamese ViTs}, 
      author={Max Muzeau and Joana Frontera-Pons and Chengfang Ren and Jean-Philippe Ovarlez},
      year={2024},
      eprint={2407.00851},
      archivePrefix={arXiv},
      primaryClass={cs.CV},
      url={https://arxiv.org/abs/2407.00851}, 
}